<?xml version="1.0" encoding="UTF-8"?><collection xmlns="http://www.loc.gov/MARC21/slim"><record><leader>00511nam--2200181-i-4500</leader><controlfield tag="001">000045828</controlfield><controlfield tag="002">20161230</controlfield><controlfield tag="005">20161230201045</controlfield><controlfield tag="008">060222s1000------------r-----000-0-fre-d</controlfield><datafield ind1=" " ind2=" " tag="040"><subfield code="a">IFIN-HH</subfield></datafield><datafield ind1=" " ind2=" " tag="041"><subfield code="a">fre</subfield></datafield><datafield ind1=" " ind2=" " tag="080"><subfield code="a">537.635</subfield></datafield><datafield ind1="1" ind2=" " tag="100"><subfield code="a">Tuchendler, Jacques</subfield></datafield><datafield ind1="1" ind2="0" tag="245"><subfield code="a">Resonance cyclotron en ondes submillimetriques dans le tellure de mercure</subfield><subfield code="b">These</subfield><subfield code="c">Jacques tuchendler</subfield></datafield><datafield ind1=" " ind2=" " tag="260"><subfield code="a">Paris, .,</subfield><subfield code="b">Universite Paris Vi</subfield><subfield code="c">1973</subfield></datafield><datafield ind1=" " ind2=" " tag="300"><subfield code="a">72p</subfield></datafield><datafield ind1=" " ind2=" " tag="852"><subfield code="a">77149</subfield><subfield code="c">535.33</subfield></datafield><datafield ind1=" " ind2=" " tag="CAT"><subfield code="a">Sys</subfield><subfield code="c">20101221</subfield><subfield code="h">130457</subfield></datafield></record></collection>